

@article{Saez-Rodriguez2009,
  author =        {Julio Saez-Rodriguez and Leonidas G Alexopoulos and
                   Jonathan Epperlein and Regina Samaga and
                   Douglas A Lauffenburger and Steffen Klamt and
                   Peter K Sorger},
  journal =       {Molecular Systems Biology},
  number =        {1},
  pages =         {331},
  publisher =     {{EMBO}},
  title =         {Discrete logic modelling as a means to link protein
                   signalling networks with functional analysis of
                   mammalian signal transduction},
  volume =        {5},
  year =          {2009},
  doi =           {10.1038/msb.2009.87},
}

@article{Cohen2015,
  author =        {Cohen, David P. A. and Martignetti, Loredana and
                   Robine, Sylvie and Barillot, Emmanuel and
                   Zinovyev, Andrei and Calzone, Laurence},
  editor =        {Wang, EdwinEditor},
  journal =       {PLOS Computational Biology},
  number =        {11},
  pages =         {e1004571},
  publisher =     {Public Library of Science (PLOS)},
  title =         {Mathematical Modelling of Molecular Pathways Enabling
                   Tumour Cell Invasion and Migration},
  volume =        {11},
  year =          {2015},
  doi =           {10.1371/journal.pcbi.1004571},
  issn =          {1553-7358},
  timestamp =     {2016.04.01},
}

@article{Zanudo21,
  author =        {Jorge G{\'{o}}mez Tejeda Za{\~{n}}udo and
                   Pingping Mao and Clara Alcon and Kailey Kowalski and
                   Gabriela N. Johnson and Guotai Xu and Jose Baselga and
                   Maurizio Scaltriti and Anthony Letai and Joan Montero and
                   R{\'{e}}ka Albert and Nikhil Wagle},
  journal =       {Cancer Research},
  number =        {17},
  pages =         {4603--4617},
  publisher =     {American Association for Cancer Research ({AACR})},
  title =         {Cell Line{\textendash}Specific Network Models of
                   {ER}$\mathplus$ Breast Cancer Identify Potential
                   {PI}3K$\upalpha$ Inhibitor Resistance Mechanisms and
                   Drug Combinations},
  volume =        {81},
  year =          {2021},
  doi =           {10.1158/0008-5472.can-21-1208},
}

@article{Montagud22,
  author =        {Arnau Montagud and Jonas B{\'{e}}al and Luis Tobalina and
                   Pauline Traynard and Vigneshwari Subramanian and
                   Bence Szalai and R{\'{o}}bert Alf√∂ldi and
                   L{\'{a}}szl{\'{o}} Pusk{\'{a}}s and Alfonso Valencia and
                   Emmanuel Barillot and Julio Saez-Rodriguez and
                   Laurence Calzone},
  journal =       {{eLife}},
  publisher =     {{eLife} Sciences Publications, Ltd},
  title =         {Patient-specific Boolean models of signalling
                   networks guide personalised treatments},
  volume =        {11},
  year =          {2022},
  doi =           {10.7554/elife.72626},
}

@article{Zanudo2015,
	doi = {10.1371/journal.pcbi.1004193},
	year = 2015,
	publisher = {Public Library of Science ({PLoS})},
	volume = {11},
	number = {4},
	pages = {e1004193},
	author = {Jorge G. T. Za{\~{n}}udo and R{\'{e}}ka Albert},
	title = {Cell Fate Reprogramming by Control of Intracellular Network Dynamics},
	journal = {PLOS Computational Biology}
}

@article{Biane2018,
	doi = {10.1109/tcbb.2018.2889102},
	year = 2019,
	publisher = {Institute of Electrical and Electronics Engineers ({IEEE})},
	volume = {16},
	number = {5},
	pages = {1574--1585},
	author = {Celia Biane and Franck Delaplace},
	title = {Causal Reasoning on Boolean Control Networks Based on Abduction: Theory and Application to Cancer Drug Discovery},
	journal = {IEEE/ACM Transactions on Computational Biology and Bioinformatics}
}

@article{Rozum2021,
  author =        {Jordan C Rozum and D{\'{a}}vid Deritei and
                   Kyu Hyong Park and
                   Jorge G{\'{o}}mez Tejeda Za{\~{n}}udo and
                   R{\'{e}}ka Albert},
  editor =        {Lenore Cowen},
  journal =       {Bioinformatics},
  number =        {5},
  pages =         {1465--1466},
  publisher =     {Oxford University Press ({OUP})},
  title =         {pystablemotifs: Python library for attractor
                   identification and control in Boolean networks},
  volume =        {38},
  year =          {2021},
  doi =           {10.1093/bioinformatics/btab825},
}

@book{Papadimitriou,
  author =        {Christos H. Papadimitriou},
  publisher =     {Addison-Wesley},
  title =         {Computational Complexity},
  year =          {1995},
}
@article{Moon22,
	doi = {10.1016/j.ejor.2021.10.019},
	year = 2022,
	publisher = {Elsevier {BV}},
	volume = {300},
	number = {2},
	pages = {743--754},
	author = {Kyungduk Moon and Kangbok Lee and Sunil Chopra and Steve Kwon},
	title = {Bilevel integer programming on a Boolean network for discovering critical genetic alterations in cancer development and therapy},
	journal = {European Journal of Operational Research}
}

@article{Pauleve2020,
	doi = {10.1038/s41467-020-18112-5},
	year = 2020,
	publisher = {Springer Science and Business Media {LLC}},
	volume = {11},
	number = {1},
	author = {Lo{\"i}c Paulev{\'{e}} and Juraj Kol{\v{c}}{\'{a}}k and Thomas Chatain and Stefan Haar},
	title = {Reconciling qualitative, abstract, and scalable modeling of biological networks},
	journal = {Nature Communications}
}

@article{Schwab2021,
	doi = {10.1016/j.csbj.2021.09.012},
	year = 2021,
	publisher = {Elsevier {BV}},
	volume = {19},
	pages = {5321--5332},
	author = {Julian D. Schwab and Nensi Ikonomi and Silke D. Werle and Felix M. Weidner and Hartmut Geiger and Hans A. Kestler},
	title = {Reconstructing Boolean network ensembles from single-cell data for unraveling dynamics in the aging of human hematopoietic stem cells},
	journal = {Computational and Structural Biotechnology Journal}
}


@inproceedings{Pauleve2021,
  TITLE = {{Non-deterministic updates of Boolean networks}},
  AUTHOR = {Paulev{\'e}, Lo{\"i}c and Sen{\'e}, Sylvain},
   booktitle =	{27th IFIP WG 1.5 International Workshop on Cellular Automata and Discrete Complex Systems (AUTOMATA 2021)},
  pages =	{10:1--10:16},
  series =	{Open Access Series in Informatics (OASIcs)},
  ISBN =	{978-3-95977-189-4},
  ISSN =	{2190-6807},
  year =	{2021},
  volume =	{90},
  publisher =	{Schloss Dagstuhl -- Leibniz-Zentrum f{\"u}r Informatik},
  address =	{Dagstuhl, Germany},
  doi =		{10.4230/OASIcs.AUTOMATA.2021.10}
}
@InProceedings{bn-synthesis-ICTAI19,
  author      = {Chevalier, St{\'e}phanie and Froidevaux, Christine and Paulev{\'e}, Lo{\"i}c and Zinovyev, Andrei},
  title       = {{Synthesis of Boolean Networks from Biological Dynamical Constraints using Answer-Set Programming}},
  booktitle   = {{2019 IEEE 31st International Conference on Tools with Artificial Intelligence (ICTAI)}},
  year        = {2019},
  pages       = {34-41},
  address     = {Portland, Oregon, United States},
  publisher   = {{IEEE}},
  doi         = {10.1109/ICTAI.2019.00014},
}
@InProceedings{Mandon2019,
  author      = {Mandon, Hugues and Su, Cui and Haar, Stefan and Pang, Jun and Paulev{\'e}, Lo{\"i}c},
  title       = {{Sequential Reprogramming of Boolean Networks Made Practical}},
  booktitle   = {{CMSB 2019 - 17th International Conference on Computational Methods in Systems Biology}},
  year        = {2019},
  volume      = {11773},
  series      = {Lecture Notes in Computer Science},
  pages       = {3--19},
  address     = {Cham},
  publisher   = {Springer},
  doi         = {10.1007/978-3-030-31304-3_1},
}
@InProceedings{Mandon2017,
  author    = {Mandon, Hugues and Haar, Stefan and Paulev{\'e}, Lo{\"i}c},
  title     = {{Temporal Reprogramming of Boolean Networks}},
  booktitle = {{CMSB 2017 - 15th conference on Computational Methods for Systems Biology}},
  year      = {2017},
  volume    = {10545},
  series    = {Lecture Notes in Computer Science},
  pages     = {179--195},
  publisher = {Springer International Publishing},
  doi       = {10.1007/978-3-319-67471-1_11},
}
@Article{ColomotoDocker,
  author      = {Naldi, Aur{\'e}lien and Hernandez, C{\'e}line and Levy, Nicolas and Stoll, Gautier and Monteiro, Pedro T. and Chaouiya, Claudine and Helikar, Tom{\'a}{\v s} and Zinovyev, Andrei and Calzone, Laurence and Cohen-Boulakia, Sarah and Thieffry, Denis and Paulev{\'e}, Lo{\"i}c},
  title       = {{The CoLoMoTo Interactive Notebook: Accessible and Reproducible Computational Analyses for Qualitative Biological Networks}},
  journal     = {{Frontiers in Physiology}},
  year        = {2018},
  volume      = {9},
  pages       = {680},
  doi         = {10.3389/fphys.2018.00680},
  publisher   = {{Frontiers}},
}
@inproceedings{Benes2021,
	doi = {10.1007/978-3-030-85633-5_14},
	year = 2021,
	publisher = {Springer International Publishing},
	pages = {230--237},
	author = {Nikola Bene{\v{s}} and Lubo{\v{s}} Brim and Samuel Pastva and David {\v{S}}afr{\'{a}}nek},
	title = {Aeon 2021: Bifurcation Decision Trees in Boolean Networks},
    booktitle   = {{CMSB 2021 - 19th International Conference on Computational Methods in Systems Biology}},
}
@inproceedings{Cifuentes2020,
	doi = {10.1007/978-3-030-60327-4_9},
	year = 2020,
	publisher = {Springer International Publishing},
	pages = {159--175},
	author = {Laura Cifuentes Fontanals and Elisa Tonello and Heike Siebert},
	title = {Control Strategy Identification via Trap Spaces in Boolean Networks},
    booktitle   = {{CMSB 2020 - 18th International Conference on Computational Methods in Systems Biology}},
}
}
@article{Pardo2021,
	doi = {10.1016/j.tcs.2021.03.013},
	year = 2021,
	publisher = {Elsevier {BV}},
	volume = {872},
	pages = {97--116},
	author = {J{\'{e}}r{\'{e}}mie Pardo and Sergiu Ivanov and Franck Delaplace},
	title = {Sequential reprogramming of biological network fate},
	journal = {Theoretical Computer Science}
}
@article{Su2020,
	doi = {10.1093/bioinformatics/btaa752},
	year = 2020,
	publisher = {Oxford University Press ({OUP})},
	volume = {37},
	number = {6},
	pages = {879--881},
	author = {Cui Su and Jun Pang},
	editor = {Pier Luigi Martelli},
	title = {{CABEAN}: a software for the control of asynchronous Boolean networks},
	journal = {Bioinformatics}
}

@incollection{PS22,
  TITLE = {{Boolean networks and their dynamics: the impact of updates}},
  AUTHOR = {Paulev{\'e}, Lo{\"i}c and Sen{\'e}, Sylvain},
  BOOKTITLE = {{Systems Biology Modelling and Analysis: Formal Bioinformatics Methods and Tools}},
  PUBLISHER = {{Wiley}},
  YEAR = {2022}
}

@article{Yang2018,
	doi = {10.3389/fphys.2018.00454},
	year = 2018,
	publisher = {Frontiers Media {SA}},
	volume = {9},
	author = {Gang Yang and Jorge G{\'{o}}mez Tejeda Za{\~{n}}udo and R{\'{e}}ka Albert},
	title = {Target Control in Logical Models Using the Domain of Influence of Nodes},
	journal = {{Frontiers in Physiology}}
}
